<?xml version="1.0" encoding="UTF-8"?><collection xmlns="http://www.loc.gov/MARC21/slim"><record><leader>00329nam--2200133-i-4500</leader><controlfield tag="001">000007105</controlfield><controlfield tag="002">20161230</controlfield><controlfield tag="005">20161230201027</controlfield><controlfield tag="008">060222s1000------------r-----000-0-eng-d</controlfield><datafield ind1=" " ind2=" " tag="100"><subfield code="a">Ackers, J.G., Et A</subfield></datafield><datafield ind1=" " ind2=" " tag="245"><subfield code="a">The critical facility krito</subfield></datafield><datafield ind1=" " ind2=" " tag="260"><subfield code="a">Bruxelles, Euratom, 1964 21 P. + 11 Figuri</subfield></datafield><datafield ind1=" " ind2=" " tag="490"><subfield code="a">498</subfield></datafield><datafield ind1=" " ind2=" " tag="852"><subfield code="a">18716</subfield></datafield></record></collection>